@article{Aubauer2001,
  title      = {Optimized second-order gradient microphone for hands-free speech recordings in cars},
  author     = {Aubauer, Roland and Leckschat, Dieter},
  year       = {2001},
  journal    = {Speech Communication},
  volume     = {34},
  number     = {1-2},
  pages      = {13--23},
  doi        = {10.1016/S0167-6393(00)00043-1}
}

@inproceedings{Du2019,
  title      = {Automotive microphone performance: From specification to user experience},
  booktitle  = {[Proceedings...].},
  author     = {Du, Yu and Dobos, Viktor and Varga, B{\'a}lazs and Yang, Ruiting},
  year       = {2019},
  pages      = {p. (paper 5)},
  publisher  = {Audio Engineering Society},
  address    = {New York, NY, USA},
  url        = {http://www.aes.org/e-lib/browse.cfm?elib=20531},
  urldate    = {2023-05-27},
  eventtitle = {Proceedings of the AES International Conference on Automotive Audio},
  eventyear  = {2019},
  venue      = {Neuburg an der Donau, Germany,}
}

@inproceedings{Du2022,
  title      = {A Study on Speech Intelligibility Performance of Automotive Voice Microphones},
  booktitle  = {[Proceedings...].},
  author     = {Du, Yu and Varga, B{\'a}laz and Dobos, Viktor},
  year       = {2022},
  pages      = {p. (paper 2)},
  publisher  = {Audio Engineering Society},
  address    = {New York, NY, USA},
  url        = {http://www.aes.org/e-lib/browse.cfm?elib=21803},
  urldate    = {2023-05-27},
  eventtitle = {Proceedings of the AES International Conference on Automotive Audio},
  eventyear  = {2022},
  venue      = {Dearborn, USA,}
}

