@dataset{florentino2024,
  title      = {US8K\_AV: Dataset for Environmental Sound Recognition in Embedded Systems for Autonomous Vehicles},
  author     = {Florentino, Andr{\'e} Luiz},
  year       = {2024},
  publisher  = {Harvard Dataverse},
  address    = {Cambridge},
  doi        = {10.7910/DVN/4D8WPK},
  url        = {https://doi.org/10.7910/DVN/4D8WPK},
  urldate    = {2024-08-05},
  version    = {1}
}

@dataset{PiczakESC2015,
  title      = {ESC: Dataset for Environmental Sound Classification},
  author     = {Piczak, Karol J.},
  year       = {2015},
  publisher  = {Harvard Dataverse},
  address    = {Cambridge},
  doi        = {10.7910/DVN/YDEPUT},
  url        = {https://doi.org/10.7910/DVN/YDEPUT},
  urldate    = {2022-10-09},
  version    = {2}
}

@inproceedings{Bountourakis2015,
  title      = {Machine Learning Algorithms for Environmental Sound Recognition: Towards Soundscape Semantics},
  booktitle  = {[Proceedings...].},
  author     = {Bountourakis, Vasileios and Vrysis, Lazaros and Papanikolaou, George},
  year       = {2015},
  pages      = {p. (article 5, 1-7)},
  publisher  = {Association for Computing Machinery},
  address    = {New York, NY, USA},
  doi        = {10.1145/2814895.2814905},
  eventtitle = {Proceedings of the Audio Mostly 2015 on Interaction With Sound},
  eventyear  = {2015},
  isbn       = {978-1-4503-3896-7},
  venue      = {Thessaloniki, Greece}
}

@inproceedings{DCASE2017,
  title      = {DCASE 2017 Challenge Setup: Tasks, Datasets and Baseline System},
  booktitle  = {[Proceedings...].},
  author     = {Mesaros, A and Heittola, T and Diment, A and Elizalde, B and Shah, A and Vincent, E and Raj, B and Virtanen, T},
  year       = {2017},
  pages      = {85--92},
  publisher  = {Inria},
  address    = {Munich, Germany},
  url        = {https://inria.hal.science/hal-01627981},
  urldate    = {2023-05-13},
  eventtitle = {Proceedings of the Detection and Classification of Acoustic Scenes and Events 2017 Workshop (DCASE2017)},
  eventyear  = {2017},
  venue      = {Munich, Germany}
}

@inproceedings{Salamon2014,
  title      = {A Dataset and Taxonomy for Urban Sound Research},
  booktitle  = {[Proceedings...].},
  author     = {Salamon, Justin and Jacoby, Christopher and Bello, Juan Pablo},
  year       = {2014},
  number     = {22},
  pages      = {1041--1044},
  publisher  = {Association for Computing Machinery},
  address    = {New York, NY, USA},
  doi        = {10.1145/2647868.2655045},
  eventtitle = {Proceedings of the 22nd ACM international conference on Multimedia},
  eventyear  = {2014},
  isbn       = {978-1-4503-3063-3},
  venue      = {Orlando, Florida, USA}
}

