@book{Alpaydin2014,
  title     = {Introduction to Machine Learning},
  author    = {Alpaydin, Ethem},
  year      = {2014},
  edition   = {3},
  publisher = {MIT Press},
  address   = {London, England},
  isbn      = {978-0-262-02818-9},
  langid    = {english},
  pagetotal = {640}
}

@book{Barber2012,
  title     = {Bayesian reasoning and machine learning},
  author    = {Barber, David},
  year      = {2012},
  edition   = {1},
  publisher = {Cambridge University Press},
  address   = {Cambridge, England},
  isbn      = {978-0-521-51814-7},
  langid    = {english},
  pagetotal = {735}
}

@book{Bellman1961,
  title     = {Adaptive Control Processes: A Guided Tour},
  author    = {Bellman, Richard E},
  year      = {1961},
  edition   = {1},
  publisher = {Princeton University Press},
  address   = {Princeton, NJ, USA},
  isbn      = {978-1-4008-7466-8},
  langid    = {english},
  pagetotal = {276}
}

@book{Bishop2006,
  title     = {Pattern Recognition and Machine Learning},
  author    = {Bishop, Christopher M},
  year      = {2006},
  edition   = {1},
  publisher = {Springer},
  address   = {New York, NY},
  isbn      = {978-0-387-31073-2},
  langid    = {english},
  pagetotal = {738}
}

@book{Bishop2023,
  title     = {Deep learning},
  author    = {Bishop, Christopher M and Bishop, Hugh},
  year      = {2023},
  edition   = {1},
  publisher = {Springer International Publishing},
  address   = {Cham, Switzerland},
  isbn      = {978-3-031-45467-7},
  langid    = {english},
  pagetotal = {669}
}

@book{Bouguila2020,
  title     = {Mixture models and applications},
  author    = {Bouguila, Nizar and Fan, Wentao},
  editor    = {Bouguila, Nizar and Fan, Wentao},
  year      = {2020},
  edition   = {1},
  publisher = {Springer Nature},
  address   = {Cham, Switzerland},
  isbn      = {978-3-030-23875-9},
  langid    = {english},
  pagetotal = {367}
}

@book{Debnath2014,
  title     = {Wavelet transforms and their applications},
  author    = {Debnath, Lokenath and Shah, Firdous Ahmad},
  year      = {2014},
  edition   = {2},
  publisher = {Birkhauser Boston},
  address   = {Secaucus, NJ},
  isbn      = {978-0-8176-8417-4},
  langid    = {english},
  pagetotal = {568}
}

@book{Giannakopoulos2014,
  title     = {Introduction to audio analysis},
  author    = {Giannakopoulos, Theodoros and Pikrakis, Aggelos},
  year      = {2014},
  edition   = {1},
  publisher = {Academic Press},
  address   = {Oxford, UK},
  isbn      = {978-0-08-099388-1},
  pagetotal = {288}
}

@book{Gold2011,
  title     = {Speech and audio signal processing},
  author    = {Gold, Ben and Morgan, Nelson and Ellis, Dan},
  year      = {2011},
  edition   = {2},
  publisher = {Wiley-Blackwell},
  address   = {Hoboken, NJ},
  isbn      = {978-0-470-19536-9},
  langid    = {english},
  pagetotal = {688}
}

@book{Goodfellow2016,
  title     = {Deep Learning},
  author    = {Goodfellow, Ian and Bengio, Yoshua and Courville, Aaron},
  year      = {2016},
  edition   = {1},
  publisher = {MIT Press},
  address   = {London, England},
  isbn      = {978-0-262-03561-3},
  pagetotal = {800}
}

@book{Hair2009,
  title     = {An{\'a}lise Multivariada de Dados},
  author    = {Hair, Joseph F and Black, William C and Babin, Barry J and Anderson, Rolph E and Tatham, Ronald L},
  year      = {2009},
  edition   = {6},
  publisher = {Bookman Editora},
  address   = {Porto Alegre},
  isbn      = {978-85-7780-402-3},
  langid    = {portuguese},
  pagetotal = {688}
}

@book{Hartshorn2016,
  title     = {Machine Learning With Random Forests And Decision Trees: A Visual Guide For Beginners},
  author    = {Hartshorn, Scott},
  year      = {2016},
  publisher = {Kindle Direct Publishing},
  langid    = {english},
  pagetotal = {82}
}

@book{Hastie2009,
  title     = {The elements of Statistical Learning: Data Mining, Inference, and Prediction},
  author    = {Hastie, Trevor and Tibshirani, Robert and Friedman, Jerome},
  year      = {2009},
  edition   = {2},
  publisher = {Springer New York},
  address   = {New York, NY},
  isbn      = {978-0-387-84857-0},
  langid    = {english},
  pagetotal = {767}
}

@book{Hermes2023,
  title     = {The perceptual structure of sound},
  author    = {Hermes, Dik J.},
  year      = {2023},
  edition   = {1},
  publisher = {Springer International Publishing},
  address   = {Cham, Switzerland},
  isbn      = {978-3-031-25565-6},
  langid    = {english},
  pagetotal = {846}
}

@book{Kelleher2020,
  title     = {Fundamentals of machine learning for predictive data analytics},
  author    = {Kelleher John D.; Mac Namee, Brian; D'Arcy Aoife},
  year      = {2020},
  edition   = {2},
  publisher = {MIT Press},
  address   = {London, England},
  isbn      = {978-0-262-04469-1},
  langid    = {english},
  pagetotal = {856}
}

@book{Klapuri2006,
  title     = {Signal processing methods for music transcription},
  author    = {Klapuri, Anssi and Davy, Manuel},
  editor    = {Klapuri, Anssi and Davy, Manuel},
  year      = {2006},
  edition   = {1},
  publisher = {Springer},
  address   = {New York, NY},
  isbn      = {978-0-387-30667-4},
  langid    = {english},
  pagetotal = {452}
}

@book{Mitchell1997,
  title     = {Machine Learning},
  author    = {Mitchell, Thomas M},
  year      = {1997},
  edition   = {1},
  publisher = {McGraw-Hill Professional},
  address   = {New York, NY},
  isbn      = {978-0-07-042807-2},
  langid    = {english},
  pagetotal = {432}
}

@book{Moore2013,
  title     = {An introduction to the psychology of hearing},
  author    = {Moore, Brian},
  year      = {2013},
  edition   = {1},
  publisher = {Brill},
  address   = {Leiden, Netherlands},
  isbn      = {978-90-04-25242-4},
  langid    = {english},
  pagetotal = {460}
}

@book{Mueller2016,
  title     = {Fundamentals of music processing: audio, analysis, algorithms, applications},
  author    = {Mueller, Meinard},
  year      = {2016},
  edition   = {1},
  publisher = {Springer International Publishing},
  address   = {Cham, Switzerland},
  isbn      = {978-3-319-35765-2},
  langid    = {english},
  pagetotal = {487}
}

@book{Mueller2021,
  title     = {Fundamentals of music processing: using Python and Jupyter notebooks},
  author    = {Mueller, Meinard},
  year      = {2021},
  edition   = {1},
  publisher = {Springer Nature},
  address   = {Cham, Switzerland},
  isbn      = {978-3-030-69808-9},
  langid    = {english},
  pagetotal = {495}
}

@book{Murphy2012,
  title     = {Machine Learning: A Probabilistic Perspective},
  author    = {Murphy, Kevin P},
  year      = {2012},
  edition   = {1},
  publisher = {MIT Press},
  address   = {London, England},
  isbn      = {978-0-262-01802-9},
  langid    = {english},
  pagetotal = {1104}
}

@book{Newcomb2008,
  title     = {Car Audio For Dummies},
  author    = {Newcomb, Doug},
  year      = {2008},
  edition   = {1},
  publisher = {John Wiley \& Sons},
  address   = {Chichester, England},
  isbn      = {978-0-470-15158-7},
  langid    = {english},
  pagetotal = {336}
}

@book{Park2008,
  title     = {Introduction to digital signal processing: Computer musically speaking},
  author    = {Park, Tae Hong},
  year      = {2008},
  edition   = {1},
  publisher = {World Scientific Publishing},
  address   = {Singapore, Singapore},
  isbn      = {978-981-279-027-9},
  pagetotal = {429}
}

@book{Pelgrom2018,
  title     = {Analog-to-Digital Conversion},
  author    = {Pelgrom, Marcel},
  year      = {2018},
  edition   = {3},
  publisher = {Springer International Publishing},
  address   = {Cham, Switzerland},
  isbn      = {978-3-319-44970-8},
  langid    = {english},
  pagetotal = {575}
}

@book{Rayburn2004,
  title     = {Eargle's the microphone book},
  author    = {Rayburn, Ray A and Eargle, John},
  year      = {2004},
  edition   = {2},
  publisher = {Focal Press},
  address   = {Oxford, England},
  isbn      = {978-0-240-51961-6},
  langid    = {english},
  pagetotal = {392}
}

@book{Rossing2013,
  title     = {The science of sound: Pearson new international edition},
  author    = {Rossing, Thomas D and Moore, Richard F and Wheeler, Paul A},
  year      = {2013},
  edition   = {3},
  publisher = {Pearson Education},
  address   = {London, England},
  isbn      = {978-1-292-03957-2},
  langid    = {english},
  pagetotal = {776}
}

@book{Rumreich2005,
  title     = {Car Stereo Cookbook},
  author    = {Rumreich, Mark},
  year      = {2005},
  edition   = {2},
  publisher = {McGraw-Hill Professional},
  address   = {New York, NY},
  isbn      = {978-0-07-144847-5},
  langid    = {english},
  pagetotal = {352}
}

@book{Russel2010,
  title     = {Artificial intelligence: A Modern Approach},
  author    = {Russell, Stuart and Norvig, Peter},
  year      = {2010},
  edition   = {3},
  publisher = {Pearson},
  address   = {Upper Saddle River, NJ},
  isbn      = {978-0-13-604259-4},
  langid    = {english},
  pagetotal = {1152}
}

@book{Rybak2003,
  title     = {Electromagnetic Fields},
  author    = {Rybak, Terence and Steffka, Mark},
  editor    = {Rybak, Terence and Steffka, Mark},
  year      = {2003},
  edition   = {2004th},
  publisher = {Springer},
  address   = {New York, NY, USA},
  isbn      = {978-1-4020-7713-5},
  langid    = {english},
  pagetotal = {309}
}

@book{Sarkar2019,
  title     = {Ensemble Machine Learning Cookbook},
  author    = {Sarkar, Dipayan and Natarajan, Vijayalakshmi},
  year      = {2019},
  edition   = {1},
  publisher = {Packt Publishing},
  address   = {Birmingham, England},
  isbn      = {978-1-78913-660-9},
  pagetotal = {336}
}

@book{Scholkopf2001,
  title     = {Learning with kernels},
  author    = {Scholkopf, Bernhard and Smola, Alexander J.},
  year      = {2001},
  edition   = {1},
  publisher = {MIT Press},
  address   = {London, England},
  isbn      = {978-0-262-19475-4},
  langid    = {english},
  pagetotal = {632}
}

@book{Smith2013,
  title     = {Digital signal processing: A practical guide for engineers and scientists},
  author    = {Smith, Steven},
  year      = {2013},
  edition   = {1},
  publisher = {Elsevier Science \& Technology},
  address   = {Saint Louis, USA},
  isbn      = {978-0-08-047732-9},
  langid    = {english},
  pagetotal = {672}
}

@book{Wang2006,
  title     = {Computational auditory scene analysis: principles, algorithms, and applications},
  author    = {Wang, Deliang and Brown, Guy J.},
  editor    = {Wang, Deliang and Brown, Guy J},
  year      = {2006},
  edition   = {1},
  publisher = {John Wiley \& Sons},
  address   = {Nashville, TN},
  isbn      = {978-0-471-74109-1},
  langid    = {english},
  pagetotal = {424}
}

@book{Zhang2010,
  title     = {Content-based audio classification and retrieval for audiovisual data parsing},
  author    = {Zhang, Tong and C. Jay Kuo, C},
  year      = {2010},
  edition   = {1},
  publisher = {Springer},
  address   = {New York, NY},
  isbn      = {978-1-4419-4878-6},
  langid    = {english},
  pagetotal = {136}
}

@book{Zoelzer2008,
  title     = {Digital Audio Signal Processing},
  author    = {Zoelzer, Udo},
  year      = {2008},
  edition   = {2},
  publisher = {Wiley},
  address   = {Chichester, UK},
  isbn      = {978-0-470-99785-7},
  langid    = {english},
  pagetotal = {340}
}

@incollection{Genuer2020,
  title     = {Random Forests with R},
  booktitle = {Use R!},
  maintitle = {Use R!},
  author    = {Genuer, Robin and Poggi, Jean-Michel},
  year      = {2020},
  edition   = {1},
  volume    = {1},
  pages     = {33--55},
  publisher = {Springer International Publishing},
  address   = {Cham, Switzerland},
  isbn      = {978-3-030-56484-1},
  pagetotal = {108}
}

