@article{Alias2016,
  title      = {A review of physical and perceptual feature extraction techniques for speech, music and environmental sounds},
  author     = {Al{\'i}as, Francesc and Socor{\'o}, Joan Claudi and Sevillano, Xavier},
  year       = {2016},
  journal    = {Applied Sciences},
  volume     = {6},
  number     = {5},
  pages      = {(article number 143)},
  doi        = {10.3390/app6050143}
}

@article{Alli2022,
  title      = {Data Augmentation and Deep Learning Methods in Sound Classification: A Systematic Review},
  author     = {{Abayomi-Alli}, Olusola O and Dama{\v s}evi{\v c}ius, Robertas and Qazi, Atika and {Adedoyin-Olowe}, Mariam and Misra, Sanjay},
  year       = {2022},
  journal    = {Electronics},
  volume     = {11},
  number     = {22},
  pages      = {p. (article number 3795)},
  doi        = {10.3390/electronics11223795}
}

@article{Bansal2022,
  title      = {Environmental Sound Classification using Hybrid Ensemble Model},
  author     = {Bansal, Anam and Garg, Naresh Kumar},
  year       = {2022},
  journal    = {Procedia Computer Science},
  volume     = {218},
  pages      = {418--428},
  doi        = {10.1016/j.procs.2023.01.024}
}

@article{Bountourakis2019,
  title      = {An Enhanced Temporal Feature Integration Method for Environmental Sound Recognition},
  author     = {Bountourakis, Vasileios and Vrysis, Lazaros and Konstantoudakis, Konstantinos and Vryzas, Nikolaos},
  year       = {2019},
  journal    = {Acoustics},
  volume     = {1},
  number     = {2},
  pages      = {410--422},
  doi        = {10.3390/acoustics1020023}
}

@article{Branding2023,
  title      = {Towards noise robust acoustic insect detection: from the lab to the greenhouse},
  author     = {Branding, Jelto and {von H{\"o}rsten}, Dieter and Wegener, Jens Karl and B{\"o}ckmann, Elias and Hartung, Eberhard},
  year       = {2023},
  journal    = {KI - Kunstliche Intelligenz},
  volume     = {37},
  number     = {2},
  pages      = {157--173},
  doi        = {10.1007/s13218-023-00812-x}
}

@article{Chu2023,
  title      = {A CNN Sound Classification Mechanism Using Data Augmentation},
  author     = {Chu, Hung-Chi and Zhang, Young-Lin and Chiang, Hao-Chu},
  year       = {2023},
  journal    = {Sensors},
  volume     = {23},
  number     = {15},
  pages      = {p. (article number 6972)},
  doi        = {10.3390/s23156972}
}

@article{Fukuyama2022,
  title      = {Identification of Respiratory Sounds Collected from Microphones Embedded in Mobile Phones},
  author     = {Fukuyama, Keita and Sugiyama, Osamu and Chin, Kazuo and Satou, Susumu and Matsumoto, Shigemi and Muto, Manabu},
  year       = {2022},
  journal    = {Advanced Biomedical Engineering},
  volume     = {11},
  pages      = {58--67},
  doi        = {10.14326/abe.11.58}
}

@article{Inik2023,
  title      = {CNN hyper-parameter optimization for environmental sound classification},
  author     = {{\.I}nik, {\"O}zkan},
  year       = {2023},
  journal    = {Applied Acoustics},
  volume     = {202},
  pages      = {109168},
  doi        = {10.1016/j.apacoust.2022.109168}
}

@article{Jeantet2023,
  title      = {Improving deep learning acoustic classifiers with contextual information for wildlife monitoring},
  author     = {Jeantet, Lor{\`e}ne and Dufourq, Emmanuel},
  year       = {2023},
  journal    = {Ecological Informatics},
  volume     = {77},
  pages      = {102256},
  doi        = {10.1016/j.ecoinf.2023.102256}
}

@article{Lamrini2023,
  title      = {Evaluating the Performance of Pre-Trained Convolutional Neural Network for Audio Classification on Embedded Systems for Anomaly Detection in Smart Cities},
  author     = {Lamrini, Mimoun and Chkouri, Mohamed Yassin and Touhafi, Abdellah},
  year       = {2023},
  journal    = {Sensors},
  volume     = {23},
  number     = {13},
  pages      = {p. (article number 6227)},
  doi        = {10.3390/s23136227}
}

@article{Lhoest2021,
  title      = {MosAIc: A classical machine learning multi-classifier based approach against deep learning classifiers for embedded sound classification},
  author     = {Lhoest, Lancelot and Lamrini, Mimoun and Vandendriessche, Jurgen and Wouters, Nick and {da Silva}, Bruno and Chkouri, Mohamed Yassin and Touhafi, Abdellah},
  year       = {2021},
  journal    = {Applied Sciences (Switzerland)},
  volume     = {11},
  number     = {18},
  pages      = {p. (article number 8394)},
  doi        = {10.3390/app11188394}
}

@article{Li2018,
  title      = {An ensemble stacked convolutional neural network model for environmental event sound recognition},
  author     = {Li, Shaobo and Yao, Yong and Hu, Jie and Liu, Guokai and Yao, Xuemei and Hu, Jianjun},
  year       = {2018},
  journal    = {Applied Sciences (Switzerland)},
  volume     = {8},
  number     = {7},
  pages      = {p. (article number 1152)},
  doi        = {10.3390/app8071152}
}

@article{Luz2021,
  title      = {Ensemble of handcrafted and deep features for urban sound classification},
  author     = {Luz, Jederson S. and Oliveira, Myllena C. and Ara{\'u}jo, Fl{\'a}vio H.D. and Magalh{\~a}es, Deborah M.V.},
  year       = {2021},
  journal    = {Applied Acoustics},
  volume     = {175},
  pages      = {107819},
  doi        = {10.1016/j.apacoust.2020.107819}
}

@article{Marchegiani2022,
  title      = {Listening for Sirens: Locating and Classifying Acoustic Alarms in City Scenes},
  author     = {Marchegiani, Letizia and Newman, Paul},
  year       = {2022},
  journal    = {IEEE Transactions on Intelligent Transportation Systems},
  volume     = {23},
  number     = {10},
  pages      = {17087--17096},
  doi        = {10.1109/TITS.2022.3158076}
}

@article{Mesaros2019,
  title      = {Sound Event Detection in the DCASE 2017 Challenge},
  author     = {Mesaros, Annamaria and Diment, Aleksandr and Elizalde, Benjamin and Heittola, Toni and Vincent, Emmanuel and Raj, Bhiksha and Virtanen, Tuomas},
  year       = {2019},
  journal    = {IEEE/ACM Transactions on Audio, Speech, and Language Processing},
  volume     = {27},
  number     = {6},
  pages      = {992--1006},
  doi        = {10.1109/TASLP.2019.2907016}
}

@article{Mushtaq2020a,
  title      = {Efficient classification of environmental sounds through multiple features aggregation and data enhancement techniques for spectrogram images},
  author     = {Mushtaq, Zohaib and Su, Shun Feng},
  year       = {2020},
  journal    = {Symmetry},
  volume     = {12},
  number     = {11},
  pages      = {p. (article number 1822)},
  publisher  = {MDPI AG},
  doi        = {10.3390/sym12111822}
}

@article{Mushtaq2020b,
  title      = {Environmental sound classification using a regularized deep convolutional neural network with data augmentation},
  author     = {Mushtaq, Zohaib and Su, Shun-Feng},
  year       = {2020},
  journal    = {Applied Acoustics},
  volume     = {167},
  pages      = {107389},
  doi        = {10.1016/j.apacoust.2020.107389}
}

@article{Pandya2021,
  title      = {Ambient acoustic event assistive framework for identification, detection, and recognition of unknown acoustic events of a residence},
  author     = {Pandya, Sharnil and Ghayvat, Hemant},
  year       = {2021},
  journal    = {Advanced Engineering Informatics},
  volume     = {47},
  pages      = {101238},
  doi        = {10.1016/j.aei.2020.101238}
}

@article{Piczak2015,
  title      = {Environmental sound classification with convolutional neural networks},
  author     = {Piczak, Karol J},
  year       = {2015},
  journal    = {2015 IEEE 25th International Workshop on Machine Learning for Signal Processing (MLSP)},
  pages      = {1--6},
  doi        = {10.1109/MLSP.2015.7324337}
}

@article{Salamon2017,
  title      = {Deep Convolutional Neural Networks and Data Augmentation for Environmental Sound Classification},
  author     = {Salamon, Justin and Bello, Juan Pablo},
  year       = {2017},
  journal    = {IEEE Signal Processing Letters},
  volume     = {24},
  number     = {3},
  pages      = {279--283},
  doi        = {10.1109/LSP.2017.2657381}
}

@article{Silva2019,
  title      = {Evaluation of classical Machine Learning techniques towards urban sound recognition on embedded systems},
  author     = {da Silva, Bruno and Happi, Axel W. and Braeken, An and Touhafi, Abdellah},
  year       = {2019},
  journal    = {Applied Sciences (Switzerland)},
  volume     = {9},
  number     = {18},
  pages      = {3885},
  doi        = {10.3390/app9183885}
}

@article{Su2019,
  title      = {Environment sound classification using a two-stream CNN based on decision-level fusion},
  author     = {Su, Yu and Zhang, Ke and Wang, Jingyu and Madani, Kurosh},
  year       = {2019},
  journal    = {Sensors (Switzerland)},
  volume     = {19},
  number     = {7},
  pages      = {p. (article number 1733)},
  doi        = {10.3390/s19071733}
}

@article{Su2020,
  title      = {Performance analysis of multiple aggregated acoustic features for environment sound classification},
  author     = {Su, Yu and Zhang, Ke and Wang, Jingyu and Zhou, Daming and Madani, Kurosh},
  year       = {2020},
  journal    = {Applied Acoustics},
  volume     = {158},
  pages      = {107050},
  doi        = {10.1016/j.apacoust.2019.107050}
}

@article{Sun2021,
  title      = {Emergency Vehicles Audio Detection and Localization in Autonomous Driving},
  author     = {Sun, Hongyi and Liu, Xinyi and Xu, Kecheng and Miao, Jinghao and Luo, Qi},
  year       = {2021},
  journal    = {ArXiv},
  volume     = {abs/2109.14797},
  pages      = {1--6},
  doi        = {10.48550/arXiv.2109.14797},
  arxiv      = {238226804}
}

@article{Tang2018,
  title      = {Improved Convolutional Neural Networks for Acoustic Event Classification},
  author     = {Tang, Guichen and Liang, Ruiyu and Xie, Yue and Bao, Yongqiang and Wang, Shijia},
  year       = {2018},
  journal    = {Multimedia Tools and Applications},
  volume     = {78},
  pages      = {15801--15816},
  doi        = {10.1007/s11042-018-6991-4}
}

@article{Tran2020,
  title      = {Acoustic-Based Emergency Vehicle Detection Using Convolutional Neural Networks},
  author     = {Tran, Van-Thuan and Tsai, Wei-Ho},
  year       = {2020},
  journal    = {IEEE Access},
  volume     = {8},
  pages      = {75702--75713},
  doi        = {10.1109/ACCESS.2020.2988986}
}

@article{Tripathi2021,
  title      = {Self-supervised learning for Environmental Sound Classification},
  author     = {Tripathi, Achyut Mani and Mishra, Aakansha},
  year       = {2021},
  journal    = {Applied Acoustics},
  volume     = {182},
  pages      = {108183},
  doi        = {10.1016/j.apacoust.2021.108183}
}

@article{Vandendriessche2021,
  title      = {Environmental Sound Recognition on Embedded Systems: From FPGAs to TPUs},
  author     = {Vandendriessche, Jurgen and Wouters, Nick and Da Silva, Bruno and Lamrini, Mimoun and Chkouri, Mohamed Yassin and Touhafi, Abdellah},
  year       = {2021},
  journal    = {Electronics (Switzerland)},
  volume     = {10},
  number     = {21},
  pages      = {p. (article number 2622)},
  doi        = {10.3390/electronics10212622}
}

@article{VidaaVila2020,
  title      = {Low-Cost Distributed Acoustic Sensor Network for Real-Time Urban Sound Monitoring},
  author     = {{Vida{\~n}a-Vila}, Ester and Navarro, Joan and {Borda-Fortuny}, Cristina and Stowell, Dan and {Alsina-Pag{\`e}s}, Rosa Ma},
  year       = {2020},
  journal    = {Electronics},
  volume     = {9},
  number     = {12},
  pages      = {p. (article number 2119)},
  doi        = {10.3390/electronics9122119}
}

@incollection{Shreyas2020,
  title      = {Chapter 7 - Trends of Sound Event Recognition in Audio Surveillance: A Recent Review and Study},
  booktitle  = {The Cognitive Approach in Cloud Computing and Internet of Things Technologies for Surveillance Tracking Systems},
  author     = {Shreyas, N and Venkatraman, M and Malini, S and Chandrakala, S},
  editor     = {Peter, Dinesh and Alavi, Amir H and Javadi, Bahman and Fernandes, Steven L},
  editortype = {organizer},
  year       = {2020},
  edition    = {1},
  volume     = {1},
  pages      = {95--106},
  publisher  = {Academic Press},
  address    = {London, England},
  isbn       = {978-0-12-816385-6},
  pagetotal  = {203}
}

@inproceedings{Chaturvedi2023,
  title      = {Classification of Sound using Convolutional Neural Networks},
  booktitle  = {[Proceedings...].},
  author     = {Chaturvedi, Abhay and Yadav, Suman Avdhesh and Salman, Hayder M and Goyal, Himanshu Rai and Gebregziabher, Haftom and Rao, A Kakoli},
  year       = {2022},
  number     = {5},
  pages      = {1015--1019},
  publisher  = {IEEE},
  address    = {Uttar Pradesh, India},
  doi        = {10.1109/IC3I56241.2022.10072823},
  eventtitle = {2022 5th International Conference on Contemporary Computing and Informatics (IC3I)},
  eventyear  = {2022},
  isbn       = {979-8-3503-9826-7},
  venue      = {Uttar Pradesh, India}
}

@inproceedings{Font_freesound2013,
  title      = {Freesound Technical Demo},
  booktitle  = {[Proceedings...].},
  author     = {Font, Frederic and Roma, Gerard and Serra, Xavier},
  year       = {2013},
  number     = {21},
  pages      = {411--412},
  publisher  = {Association for Computing Machinery},
  address    = {New York, NY, USA},
  doi        = {10.1145/2502081.2502245},
  eventtitle = {Proceedings of the 21st ACM International Conference on Multimedia},
  eventyear  = {2013},
  isbn       = {978-1-4503-2404-5},
  venue      = {Barcelona, Spain}
}

@inproceedings{Huang2023,
  title      = {"Not There Yet": Feasibility and Challenges of Mobile Sound Recognition to Support Deaf and Hard-of-Hearing People},
  booktitle  = {[Proceedings...].},
  author     = {Huang, Jeremy Zhengqi and Chhabria, Hriday and Jain, Dhruv},
  year       = {2023},
  number     = {25},
  pages      = {p. (article number 15)},
  publisher  = {Association for Computing Machinery},
  address    = {New York, NY, USA},
  doi        = {10.1145/3597638.3608431},
  eventtitle = {Proceedings of the 25th International ACM SIGACCESS Conference on Computers and Accessibility},
  eventyear  = {2023},
  venue      = {New York, NY, USA}
}

@inproceedings{Jeong2022,
  title      = {Constructing an Audio Dataset of Construction Equipment from Online Sources for Audio-Based Recognition},
  booktitle  = {[Proceedings...].},
  author     = {Jeong, Gilsu and Ahn, Changbum R and Park, Moonseo},
  year       = {2022},
  number     = {2022-December},
  pages      = {2354--2364},
  publisher  = {IEEE},
  address    = {New York, NY, USA},
  doi        = {10.1109/WSC57314.2022.10015388},
  eventtitle = {Proceedings - Winter Simulation Conference},
  eventyear  = {2022},
  isbn       = {978-1-66547-661-4},
  venue      = {Singapore, Singapore}
}

@inproceedings{Park2019,
  title      = {Specaugment: A simple data augmentation method for automatic speech recognition},
  booktitle  = {[Proceedings...].},
  author     = {Park, Daniel S and Chan, William and Zhang, Yu and Chiu, Chung-Cheng and Zoph, Barret and Cubuk, Ekin D and Le, Quoc V},
  year       = {2019},
  number     = {20},
  pages      = {2613--2617},
  publisher  = {ISCA},
  address    = {Graz, Austria},
  doi        = {10.21437/Interspeech.2019-2680},
  eventtitle = {Proceedings of the Annual Conference of the International Speech Communication Association, INTERSPEECH},
  eventyear  = {2019},
  venue      = {Graz, Austria}
}

@inproceedings{Saraubon2018,
  title      = {A Smart System for Elderly Care using IoT and Mobile Technologies},
  booktitle  = {[Proceedings...].},
  author     = {Saraubon, Kobkiat and Anurugsa, Keattisuk and Kongsakpaibul, Adichart},
  year       = {2018},
  number     = {2},
  pages      = {59--63},
  publisher  = {Association for Computing Machinery},
  address    = {New York, NY, USA},
  doi        = {10.1145/3301761.3301769},
  eventtitle = {Proceedings of the 2018 2nd International Conference on Software and E-Business},
  eventyear  = {2018},
  isbn       = {978-1-4503-6127-9},
  venue      = {Zhuhai China}
}

@inproceedings{Shabtai2019,
  title      = {Detecting the direction of emergency vehicle sirens with microphones},
  booktitle  = {[Proceedings...].},
  author     = {Shabtai, Noam R and Tzirkel, Eli},
  year       = {2019},
  number     = {1},
  pages      = {137--142},
  publisher  = {Sorbonne Universit{\'e}},
  address    = {Paris, France},
  doi        = {10.25836/sasp.2019.22},
  eventtitle = {EAA Spatial Audio Signal Processing Symposium},
  eventyear  = {2019},
  venue      = {Paris, France}
}

@inproceedings{Sharma2021,
  title      = {Emergency detection with environment sound using deep convolutional neural networks},
  booktitle  = {[Proceedings...].},
  author     = {Sharma, Jivitesh and Granmo, Ole-Christoffer and Goodwin, Morten},
  year       = {2021},
  number     = {1},
  pages      = {144--154},
  publisher  = {Springer Singapore},
  address    = {Singapore, Singapore},
  doi        = {10.1007/978-981-15-5859-7_14},
  eventtitle = {Proceedings of Fifth International Congress on Information and Communication Technology},
  eventyear  = {2021},
  isbn       = {978-981-15-5859-7},
  venue      = {London, UK}
}

@inproceedings{Veeraraghavan2020,
  title      = {SoC Based Acoustic Controlled Semi Autonomous Driving System},
  booktitle  = {[Proceedings...].},
  author     = {Veeraraghavan, A. K. and Ranga Charan, S.},
  editor     = {Pandian, A. Pasumpon and Senjyu, Tomonobu and Islam, Syed Mohammed Shamsul and Wang, Haoxiang},
  year       = {2020},
  number     = {1},
  pages      = {591--599},
  publisher  = {Springer International Publishing},
  address    = {Cham, Switzerland},
  doi        = {10.1007/978-3-030-24643-3_71},
  eventtitle = {Proceeding of the International Conference on Computer Networks, Big Data and IoT (ICCBI - 2018)},
  eventyear  = {2020},
  isbn       = {978-3-030-24642-6},
  venue      = {Madurai, India}
}

@inproceedings{Yin2023,
  title      = {Real-Time Acoustic Perception for Automotive Applications},
  booktitle  = {[Proceedings...].},
  author     = {Yin, Jun and Damiano, Stefano and Verhelst, Marian and van Waterschoot, Toon and Guntoro, Andre},
  year       = {2023},
  number     = {1},
  pages      = {1--6},
  publisher  = {IEEE},
  address    = {New York, NY, USA},
  doi        = {10.23919/DATE56975.2023.10137209},
  eventtitle = {2023 Design, Automation \& Test in Europe Conference \& Exhibition (DATE)},
  eventyear  = {2023},
  isbn       = {978-3-9819263-7-8},
  venue      = {Antwerp, Belgium}
}

@online{BBC2023,
  title      = {Complete Sound Effects Library},
  author     = {{BBC}},
  year       = {2023},
  url        = {https://sound-effects.bbcrewind.co.uk/},
  urldate    = {2023-12-09}
}

@online{BOSCH2024,
  title      = {Embedded siren detection {\textbar} Bosch Global},
  author     = {{BOSCH}},
  year       = {2024},
  url        = {https://www.bosch.com/stories/embedded-siren-detection/},
  urldate    = {2024-01-15}
}

@online{ISPOT2020,
  title      = {I-SPOT},
  author     = {{I-SPOT}},
  year       = {2020},
  url        = {https://i-spot-project.eu/},
  urldate    = {2024-01-12}
}

@online{WAYMO2023,
  title      = {The Waymo Driver's Rapid Learning Curve},
  author     = {{WAYMO}},
  year       = {2023},
  url        = {https://waymo.com/blog/2023/08/the-waymo-drivers-rapid-learning-curve/},
  urldate    = {2024-01-21}
}

@thesis{Abreha2014,
  type       = {Master's thesis (Master of Science in Embedded Systems)},
  title      = {An environmental audio-based context recognition system using smartphones},
  author     = {Abreha, Gebremedhin Teklemariam},
  address    = {Enschede, Netherlands},
  url        = {http://essay.utwente.nl/66444/},
  urldate    = {2023-11-26},
  eventyear  = {2014},
  school     = {University of Twente}
}

@thesis{Nordby2019,
  type       = {Master's thesis (Master of Science in Data Science)},
  title      = {Environmental sound classification on microcontrollers using Convolutional Neural Networks},
  author     = {Nordby, Jon Opedal},
  address    = {Oslo, Norway},
  url        = {http://hdl.handle.net/11250/2611624},
  urldate    = {2023-10-07},
  eventyear  = {2019},
  school     = {Norwegian University of Life Sciences, {\AA}s}
}

@thesis{Rothmund2018,
  type       = {Master's thesis (Master of Science in Computer Science)},
  title      = {A Deep Learning Approach to Speech, Music and Environmental Noise Classification},
  author     = {Rothmund, Felix},
  address    = {Graz, Austria},
  url        = {https://phaidra.kug.ac.at/detail/o:104571},
  urldate    = {2023-12-16},
  eventyear  = {2018},
  school     = {University of Music and Performing Arts Graz}
}

