@article{Bartsch2005,
  title       = {Audio thumbnailing of popular music using chroma-based representations},
  author      = {Bartsch, M. A. and Wakefield, G. H.},
  year        = {2005},
  journal     = {IEEE Transactions on Multimedia},
  volume      = {7},
  number      = {1},
  pages       = {96--104},
  doi         = {10.1109/TMM.2004.840597}
}

@article{Blackmann1958,
  title       = {The measurement of power spectra from the point of view of communications engineering --- Part I},
  author      = {Blackman, R. B. and Tukey, J. W.},
  year        = {1958},
  journal     = {The Bell System Technical Journal},
  volume      = {37},
  number      = {1},
  pages       = {185--282},
  doi         = {10.1002/j.1538-7305.1958.tb03874.x}
}

@article{Breiman2001,
  title       = {Random Forests},
  author      = {Breiman, Leo},
  year        = {2001},
  journal     = {Machine Learning},
  volume      = {45},
  number      = {1},
  pages       = {5--32},
  doi         = {10.1023/A:1010933404324}
}

@article{DavisMermelstein1980,
  title       = {Comparison of parametric representations for monosyllabic word recognition in continuously spoken sentences},
  author      = {Davis, S. and Mermelstein, P.},
  year        = {1980},
  journal     = {IEEE Transactions on Acoustics, Speech, and Signal Processing},
  volume      = {28},
  number      = {4},
  pages       = {357--366},
  doi         = {10.1109/TASSP.1980.1163420}
}

@article{Friedman1997,
  title       = {Bayesian Network Classifiers},
  author      = {Friedman, Nir and Geiger, Dan and Goldszmidt, Moises},
  year        = {1997},
  journal     = {Machine Learning},
  volume      = {29},
  number      = {2},
  pages       = {131--163},
  doi         = {10.1023/A:1007465528199}
}

@article{Hinton2006,
  title       = {A Fast Learning Algorithm for Deep Belief Nets},
  author      = {Hinton, Geoffrey E. and Osindero, Simon and Teh, Yee-Whye},
  year        = {2006},
  journal     = {Neural Computation},
  volume      = {18},
  number      = {7},
  pages       = {1527--1554},
  doi         = {10.1162/neco.2006.18.7.1527}
}

@article{Ho2020,
  title       = {Avoid Oversimplifications in Machine Learning: Going beyond the Class-Prediction Accuracy},
  author      = {Ho, Sung Yang and Wong, Limsoon and Goh, Wilson Wen Bin},
  year        = {2020},
  journal     = {Patterns},
  volume      = {1},
  number      = {2},
  pages       = {100025},
  doi         = {10.1016/j.patter.2020.100025}
}

@article{Hossin2015,
  title       = {A Review On Evaluation Metrics For Data Classification Evaluations},
  author      = {Hossin, Mohammad and Sulaiman, M. N.},
  year        = {2015},
  journal     = {International Journal of Data Mining \& Knowledge Management Process},
  volume      = {5},
  number      = {1},
  pages       = {1--11},
  doi         = {10.5121/ijdkp.2015.5201}
}

@article{Hussainj2018,
  title       = {Model-based adaptive user interface based on context and user experience evaluation},
  author      = {Hussain, Jamil and Ul Hassan, Anees and Muhammad Bilal, Hafiz Syed and Ali, Rahman and Afzal, Muhammad and Hussain, Shujaat and Bang, Jaehun and Banos, Oresti and Lee, Sungyoung},
  year        = {2018},
  journal     = {Journal on Multimodal User Interfaces},
  volume      = {12},
  number      = {1},
  pages       = {1--16},
  doi         = {10.1007/s12193-018-0258-2}
}

@article{Hussainr2018,
  title       = {Autonomous Cars: Research Results, Issues, and Future Challenges},
  author      = {Hussain, Rasheed and Zeadally, Sherali},
  year        = {2019},
  journal     = {IEEE Communications Surveys \& Tutorials},
  volume      = {21},
  number      = {2},
  pages       = {1275--1313},
  doi         = {10.1109/COMST.2018.2869360}
}

@article{Lecun1998,
  title       = {Gradient-based learning applied to document recognition},
  author      = {Lecun, Yann and Bottou, L{\'e}on and Bengio, Yoshua and Haffner, Patrick},
  year        = {1998},
  journal     = {Proceedings of the IEEE},
  volume      = {86},
  number      = {11},
  pages       = {2278--2324},
  doi         = {10.1109/5.726791}
}

@article{Lindholm2008,
  title       = {NVIDIA Tesla: A Unified Graphics and Computing Architecture},
  author      = {Lindholm, Erik and Nickolls, John and Oberman, Stuart and Montrym, John},
  year        = {2008},
  journal     = {IEEE Micro},
  volume      = {28},
  number      = {2},
  pages       = {39--55},
  doi         = {10.1109/MM.2008.31}
}

@article{Oppenheim2004,
  title       = {From frequency to quefrency: a history of the cepstrum},
  author      = {Oppenheim, A. V. and Schafer, R. W.},
  year        = {2004},
  journal     = {IEEE Signal Processing Magazine},
  volume      = {21},
  number      = {5},
  pages       = {95--106},
  doi         = {10.1109/MSP.2004.1328092}
}

@article{Preece2009,
  title       = {Activity Identification Using Body-Mounted Sensors --- A Review of Classification Techniques},
  author      = {Preece, Stephen and Goulermas, John and Kenney, Laurence and Howard, Deandra and Meijer, Kenneth and Crompton, Robin},
  year        = {2009},
  month       = jan,
  journal     = {Physiological measurement},
  volume      = {30},
  pages       = {1--33},
  doi         = {10.1088/0967-3334/30/4/R01}
}

@article{Reddi2018,
  title       = {On the Convergence of Adam and Beyond},
  author      = {Reddi, Sashank J. and Kale, Satyen and Kumar, Surinder},
  year        = {2018},
  journal     = {ArXiv},
  series      = {1--23},
  volume      = {abs/1904.09237},
  doi         = {10.48550/arXiv.1904.09237}
}

@article{Rosenblatt1958,
  title       = {The Perceptron: A Probabilistic Model for Information Storage and Organization in the Brain},
  author      = {Rosenblatt, F.},
  year        = {1958},
  journal     = {Psychological Review},
  volume      = {65},
  number      = {6},
  pages       = {386--408},
  doi         = {10.1037/h0042519}
}

@article{Rumelhart1986,
  title       = {Learning representations by back-propagating errors},
  author      = {Rumelhart, David E. and Hinton, Geoffrey E. and Williams, Ronald J.},
  year        = {1986},
  journal     = {Nature},
  volume      = {323},
  pages       = {533--536},
  doi         = {10.1038/323533a0}
}

@article{Tsalera2021,
  title       = {Comparison of Pre-Trained CNNs for Audio Classification Using Transfer Learning},
  author      = {Tsalera, Eleni and Papadakis, Andreas and Samarakou, Maria},
  year        = {2021},
  journal     = {Journal of Sensor and Actuator Networks},
  volume      = {10},
  number      = {4},
  pages       = {p. (article number 72)},
  doi         = {10.3390/jsan10040072}
}

@article{Wickramasinghe2021,
  title       = {Naive Bayes: applications, variations and vulnerabilities: a review of literature with code snippets for implementation},
  author      = {Wickramasinghe, Indika and Kalutarage, Harsha},
  year        = {2021},
  journal     = {Soft Computing},
  volume      = {25},
  number      = {3},
  pages       = {2277--2293},
  doi         = {10.1007/s00500-020-05297-6}
}

@article{Zhu2021,
  title       = {Requirements-Driven Automotive Electrical/Electronic Architecture: A Survey and Prospective Trends},
  author      = {Zhu, Hailong and Zhou, Wei and Li, Zhiheng and Li, Li and Huang, Tao},
  year        = {2021},
  journal     = {IEEE Access},
  volume      = {9},
  pages       = {100096--100112},
  doi         = {10.1109/ACCESS.2021.3093077}
}

@incollection{Breebaart2004,
  title       = {Features for Audio Classification},
  booktitle   = {Algorithms in Ambient Intelligence},
  author      = {Breebaart, Jeroen and McKinney, Martin F.},
  editor      = {Verhaegh, W. F. J. and Aarts, E. and Korst, Jan},
  editortype  = {organizer},
  year        = {2004},
  volume      = {2},
  pages       = {113--129},
  publisher   = {Springer Netherlands},
  address     = {Dordrecht},
  isbn        = {978-94-017-0703-9},
  pagetotal   = {341}
}

@inproceedings{Bubashait2021,
  title       = {Urban Sound Classification Using DNN, CNN LSTM a Comparative Approach},
  booktitle   = {[Proceedings...].},
  author      = {Bubashait, Mohamed and Hewahi, Nabil},
  year        = {2021},
  pages       = {46--50},
  publisher   = {IEEE},
  address     = {New York, NY, USA},
  doi         = {10.1109/3ICT53449.2021.9581339},
  eventtitle  = {International Conference on Innovation and Intelligence for Informatics, Computing, and Technologies (3ICT)},
  eventyear   = {2021},
  isbn        = {978-1-66544-032-5},
  venue       = {Zallaq, Bahrain}
}

@inproceedings{Chachada2013,
  title       = {Environmental sound recognition: A survey},
  booktitle   = {[Proceedings...].},
  author      = {Chachada, Sachin and Kuo, C.-C. Jay},
  year        = {2014},
  pages       = {1--9},
  publisher   = {IEEE},
  address     = {New York, NY, USA},
  doi         = {10.1109/APSIPA.2013.6694338},
  eventtitle  = {Asia-Pacific Signal and Information Processing Association Annual Summit and Conference},
  eventyear   = {2013},
  isbn        = {978-986-90006-0-4},
  venue       = {Kaohsiung, Taiwan}
}

@inproceedings{Choromanska2015,
  title       = {The Loss Surfaces of Multilayer Networks},
  booktitle   = {[Proceedings...].},
  author      = {Choroma{\'n}ska, Anna and Henaff, Mikael and Mathieu, Micha{\"e}l and Arous, G{\'e}rard Ben and LeCun, Yann},
  editor      = {Lebanon, Guy and Vishwanathan, S. V. N.},
  year        = {2015},
  volume      = {38},
  pages       = {192--204},
  publisher   = {PMLR},
  address     = {San Diego, CA, USA},
  url         = {https://api.semanticscholar.org/CorpusID:2266226},
  urldate     = {2024-02-18},
  eventtitle  = {Eighteenth International Conference on Artificial Intelligence and Statistics (AISTATS)},
  eventyear   = {2015},
  venue       = {San Diego, CA, USA}
}

@inproceedings{Eyben2010,
  title       = {Opensmile: The Munich Versatile and Fast Open-Source Audio Feature Extractor},
  booktitle   = {[Proceedings...].},
  author      = {Eyben, Florian and W{\"o}llmer, Martin and Schuller, Bj{\"o}rn},
  year        = {2010},
  pages       = {1459--1462},
  publisher   = {Association for Computing Machinery},
  address     = {New York, NY, USA},
  doi         = {10.1145/1873951.1874246},
  eventtitle  = {18th ACM International Conference on Multimedia},
  eventyear   = {2010},
  isbn        = {978-1-60558-933-6},
  venue       = {Firenze, Italy}
}

@inproceedings{Harte2006,
  title       = {Detecting harmonic change in musical audio},
  booktitle   = {[Proceedings...].},
  author      = {Harte, Christopher and Sandler, Mark and Gasser, Martin},
  year        = {2006},
  pages       = {21--26},
  publisher   = {Association for Computing Machinery},
  address     = {New York, NY, USA},
  doi         = {10.1145/1178723.1178727},
  eventtitle  = {1st ACM Workshop on Audio and Music Computing Multimedia},
  eventyear   = {2006},
  isbn        = {1-59593-501-0},
  venue       = {Santa Barbara, California, USA}
}

@inproceedings{Hecht-Nielsen1987,
  title       = {Kolmogorov's Mapping Neural Network Existence Theorem},
  booktitle   = {[Proceedings...].},
  author      = {{Hecht-Nielsen}, Robert},
  year        = {1987},
  volume      = {3},
  pages       = {11--14},
  publisher   = {IEEE},
  address     = {Piscataway, NJ, USA},
  url         = {https://api.semanticscholar.org/CorpusID:118526925},
  urldate     = {2023-12-30},
  eventtitle  = {First IEEE International Conference on Neural Networks},
  eventyear   = {1987},
  venue       = {San Diego, CA, USA}
}

@inproceedings{Jiang2002,
  title       = {Music type classification by spectral contrast feature},
  booktitle   = {[Proceedings...].},
  author      = {Jiang, Dan-Ning and Lu, Lie and Zhang, Hong-Jiang and Tao, Jian-Hua and Cai, Lian-Hong},
  year        = {2002},
  volume      = {1},
  pages       = {113--116},
  publisher   = {IEEE},
  address     = {New York, NY, USA},
  doi         = {10.1109/ICME.2002.1035731},
  eventtitle  = {IEEE International Conference on Multimedia and Expo},
  eventyear   = {2002},
  isbn        = {0-7803-7304-9},
  venue       = {Lausanne, Switzerland}
}

@inproceedings{McFee2015librosa_conf,
  title       = {librosa: Audio and Music Signal Analysis in Python},
  booktitle   = {[Proceedings...].},
  author      = {McFee, Brian and Raffel, Colin and Liang, Dawen and Ellis, Daniel P W and McVicar, Matt and Battenberg, Eric and Nieto, Oriol},
  editor      = {Huff, Kathryn and Bergstra, James},
  year        = {2015},
  pages       = {18--24},
  publisher   = {scipy.org},
  address     = {Austin, Texas, USA},
  doi         = {10.25080/Majora-7b98e3ed-003},
  eventtitle  = {14th Python in Science Conference},
  eventyear   = {2015},
  venue       = {Austin, Texas, USA}
}

@inproceedings{Muntean2023,
  title       = {Metrics for Evaluating Classification Algorithms},
  booktitle   = {[Proceedings...].},
  author      = {Muntean, Mihaelaand and Militaru, Florin-Daniel},
  editor      = {Ciurea, Cristian and Pocatilu, Pauland and Filip, Florian Gheorghe},
  year        = {2023},
  pages       = {307--317},
  publisher   = {Springer Nature Singapore},
  address     = {Singapore, Singapore},
  doi         = {10.1007/978-981-19-6755-9_24},
  eventtitle  = {21st International Conference on Informatics in Economy (IE 2022)},
  eventyear   = {2023},
  isbn        = {978-981-19675-5-9},
  venue       = {Bucharest, Romania}
}

@software{Audacity2024,
  type        = {software},
  title       = {Audacity{\textregistered} (Version 3.1.2)},
  author      = {{Team Audacity}},
  year        = {2023},
  publisher   = {Muse Group},
  address     = {[Limassol]},
  url         = {https://www.audacityteam.org/},
  urldate     = {2024-01-07},
  version     = {3.1.2}
}

@software{McFee2015librosa_sw,
  type        = {software},
  title       = {Librosa (Version 0.10.1)},
  author      = {McFee, Brian and McVicar, Matt and Faronbi, Daniel and Roman, Iran and Gover, Matan and Balke, Stefan and Seyfarth, Scott and Malek, Ayoub and Raffel, Colin and Lostanlen, Vincent and {van Niekirk}, Benjamin and Lee, Dana and Cwitkowitz, Frank and Zalkow, Frank and Nieto, Oriol and Ellis, Dan and Mason, Jack and Lee, Kyungyun and Steers, Bea and Halvachs, Emily and Thom{\'e}, Carl and {Robert-St{\"o}ter}, Fabian and Bittner, Rachel and Wei, Ziyao and Weiss, Adam and Battenberg, Eric and Choi, Keunwoo and Yamamoto, Ryuichi and Carr, {\relax CJ} and Metsai, Alex and Sullivan, Stefan and Friesch, Pius and Krishnakumar, Asmitha and Hidaka, Shunsuke and Kowalik, Steve and Keller, Fabian and Mazur, Dan and {Chabot-Leclerc}, Alexandre and Hawthorne, Curtis and Ramaprasad, Chandrashekhar and Keum, Myungchul and Gomez, Juanita and Monroe, Will and Morozov, Viktor Andreevitch and Eliasi, Kian and {nullmightybofo} and Biberstein, Paul and Sergin, N. Dorukhan and Hennequin, Romain and Naktinis, Rimvydas and {beantowel} and Kim, Taewoon and {\AA}sen, Jon Petter and Lim, Joon and Malins, Alex and Here{\~n}{\'u}, Dar{\'i}o and {van der Struijk}, Stef and Nickel, Lorenz and Wu, Jackie and Wang, Zhen and Gates, Tim and Vollrath, Matt and Sarroff, Andy and {Xiao-Ming} and Porter, Alastair and Kranzler, Seth and {Voodoohop} and Gangi, Mattia Di and Jinoz, Helmi and Guerrero, Connor and Mazhar, Abduttayyeb and {toddrme2178} and Baratz, Zvi and Kostin, Anton and Zhuang, Xinlu and Lo, Cash TingHin and Campr, Pavel and Semeniuc, Eric and Biswal, Monsij and Moura, Shayenne and Brossier, Paul and Lee, Hojin and Pimenta, Waldir},
  year        = {2023},
  publisher   = {Zenodo},
  address     = {[Gen{\`e}ve]},
  url         = {https://doi.org/10.5281/zenodo.8252662},
  urldate     = {2023-08-17},
  version     = {0.10.1}
}

@online{Anaconda86,
  title       = {Anaconda: The World's Most Popular Data Science Platform},
  author      = {{Anaconda}},
  year        = {2023},
  url         = {https://www.anaconda.com/},
  urldate     = {2023-12-23}
}

@online{Aptiv2020,
  title       = {What Is an Electronic Control Unit?},
  author      = {{APTIV}},
  year        = {2020},
  url         = {https://www.aptiv.com/en/insights/article/what-is-an-electronic-control-unit},
  urldate     = {2024-02-02}
}

@online{BURY2024,
  title       = {BURY Automotive (OEM) acoustics microphones},
  author      = {{BURY}},
  year        = {2024},
  url         = {https://www.bury.com/en/products/microphones/},
  urldate     = {2024-01-06}
}

@online{CKMOVA2021,
  title       = {CKMOVA USB Lavalier Microphone LUM2},
  author      = {{CKMOVA}},
  year        = {2021},
  url         = {https://www.ckmova.com/lum2-p00120p1.html},
  urldate     = {2024-07-25}
}

@online{EDAG2020,
  title       = {EDAG CityBot Whitepaper},
  author      = {EDAG, Engineering GmbH},
  year        = {2020},
  url         = {https://www.edag-citybot.de/wp-content/uploads/2020/08/edag_whitepaper_200818_en.pdf},
  urldate     = {2024-08-06}
}

@online{GoogleTPU2024,
  title       = {Introduction to Cloud TPU},
  author      = {{Google Cloud}},
  year        = {2024},
  url         = {https://cloud.google.com/tpu/docs/intro-to-tpu},
  urldate     = {2024-02-02}
}

@online{IndoML2018,
  title       = {Student Notes: Convolutional Neural Networks (CNN) Introduction -- Belajar Pembelajaran Mesin Indonesia},
  author      = {{IndoML}},
  year        = {2018},
  url         = {https://indoml.com/2018/03/07/student-notes-convolutional-neural-networks-cnn-introduction/},
  urldate     = {2024-02-18}
}

@online{Infineon2024,
  title       = {Automotive Head Unit - Infineon Technologies},
  author      = {{Infineon}},
  year        = {2024},
  url         = {https://www.infineon.com/cms/en/applications/automotive/infotainment/head-unit/#!products},
  urldate     = {2024-02-02}
}

@online{IntelFPGA2024,
  title       = {Intel{\textregistered} FPGAs and Programmable Devices-Intel{\textregistered}  FPGA},
  author      = {{Intel}},
  year        = {2024},
  url         = {https://www.intel.com/content/www/us/en/products/programmable.html},
  urldate     = {2024-02-02}
}

@online{KerasDee32,
  title       = {Keras: Deep Learning for Humans},
  author      = {{Keras}},
  year        = {2023},
  url         = {https://keras.io/},
  urldate     = {2023-12-23}
}

@online{McKinsey2023,
  title       = {Autonomous driving's future: Convenient and connected},
  author      = {{Deichmann, Johannes} and {Ebel, Eike} and {Heineke, Kersten} and {Heuss, Ruth} and {Kellner, Martin} and {Steiner, Fabian}},
  year        = {2023},
  url         = {https://www.mckinsey.com/industries/automotive-and-assembly/our-insights/autonomous-drivings-future-convenient-and-connected},
  urldate     = {2024-01-04}
}

@online{Raspberry2023,
  title       = {Raspberry Pi 4 Model B},
  author      = {{Raspberry Pi}},
  year        = {2023},
  url         = {https://www.raspberrypi.com/products/raspberry-pi-4-model-b/},
  urldate     = {2024-01-05}
}

@online{ReSpeake72,
  title       = {ReSpeaker Mic Array v2.0 Seeed Studio Wiki},
  author      = {{Seeed Studio}},
  year        = {2021},
  url         = {https://wiki.seeedstudio.com/ReSpeaker_Mic_Array_v2.0/},
  urldate     = {2024-01-05}
}

@online{Roadstar2021,
  title       = {Roadstar - The Power of Sound},
  author      = {{Roadstar}},
  year        = {2021},
  url         = {http://www.roadstarbrasil.com.br/rs120mic.php},
  urldate     = {2024-01-06}
}

@online{SAE2021,
  title       = {Levels of Driving Automation Refined for Clarity and International Audience},
  author      = {{SAE}},
  year        = {2021},
  url         = {https://www.sae.org/blog/sae-j3016-update},
  urldate     = {2024-01-04}
}

@online{scikitle61,
  title       = {scikit-learn: Machine Learning in Python},
  author      = {{scikit-learn}},
  year        = {2023},
  url         = {https://scikit-learn.org/stable/},
  urldate     = {2023-12-23}
}

@online{TensorFl23,
  title       = {TensorFlow},
  author      = {{Tensorflow}},
  year        = {2023},
  url         = {https://www.tensorflow.org/},
  urldate     = {2023-12-23}
}

@online{Teslanorth2023,
  title       = {Tesla Model Y HW4 Infotainment System: Lower Specs vs HW3 - TeslaNorth.com},
  author      = {Tesla North},
  year        = {2009},
  url         = {https://teslanorth.com/2023/08/07/tesla-model-y-hw4-infotainment-system/},
  urldate     = {2024-02-02}
}

@patent{Ferguson2014,
  title       = {Controlling autonomous vehicle using audio data},
  author      = {Ferguson, David I. and Zhu, Jiajun},
  number      = {US8676427B1},
  pages       = {1--12},
  address     = {USA},
  url         = {https://patentimages.storage.googleapis.com/b5/a8/19/2b304bbb40f0de/US8676427.pdf},
  urldate     = {2024-01-21},
  nationality = {USA},
  note        = {Assignee: Google Inc. Publisher: United States Patent. Filing date: 11 Oct. 2012. Issue date: 18 Mar. 2014.}
}

@techreport{Peeters2004,
  title       = {A large set of audio features for sound description (similarity and classification) in the CUIDADO project},
  author      = {Peeters, Geoffroy},
  year        = {2004},
  pages       = {1--25},
  institution = {IRCAM (Institut de Recherche et Coordination Acoustique/Musique)},
  url         = {http://recherche.ircam.fr/anasyn/peeters/ARTICLES/Peeters_2003_cuidadoaudiofeatures.pdf}
}

